<?xml version="1.0" encoding="UTF-8"?><collection xmlns="http://www.loc.gov/MARC21/slim"><record><leader>00353nam--2200133-i-4500</leader><controlfield tag="001">000035743</controlfield><controlfield tag="002">20161230</controlfield><controlfield tag="005">20161230201040</controlfield><controlfield tag="008">060222s1000------------r-----000-0-eng-d</controlfield><datafield ind1=" " ind2=" " tag="100"><subfield code="a">Nita, Constantin</subfield></datafield><datafield ind1=" " ind2=" " tag="245"><subfield code="a">Nastasescu, constantin</subfield></datafield><datafield ind1=" " ind2=" " tag="260"><subfield code="a">Teoria Calitativa A Ecuatiilor Algebrice</subfield></datafield><datafield ind1=" " ind2=" " tag="490"><subfield code="a">Bucuresti, Editura Tehnica, 1979. 198p</subfield></datafield><datafield ind1=" " ind2=" " tag="852"><subfield code="a">512</subfield></datafield></record></collection>